<record><leader>00000cas a22000007a 4500</leader><controlfield tag="001">18596953</controlfield><controlfield tag="008">881012d1968197upauwr ne      0    0eng d</controlfield><datafield ind1=" " ind2=" " tag="010"><subfield code="a">sn 88079496 </subfield></datafield><datafield ind1=" " ind2=" " tag="040"><subfield code="a">NPH</subfield><subfield code="b">eng</subfield><subfield code="c">NPH</subfield><subfield code="d">OCLCQ</subfield></datafield><datafield ind1=" " ind2=" " tag="042"><subfield code="a">msc</subfield></datafield><datafield ind1="0" ind2="4" tag="245"><subfield code="a">The New herald.</subfield></datafield><datafield ind1=" " ind2=" " tag="260"><subfield code="a">Clairton, Pa. :</subfield><subfield code="b">Spenley Newspaper, Inc.</subfield></datafield><datafield ind1=" " ind2=" " tag="300"><subfield code="a">v. :</subfield><subfield code="b">ill. ;</subfield><subfield code="c">58 cm.</subfield></datafield><datafield ind1=" " ind2=" " tag="310"><subfield code="a">Weekly</subfield></datafield><datafield ind1="1" ind2=" " tag="362"><subfield code="a">Began in Jan. 1968.</subfield></datafield><datafield ind1=" " ind2=" " tag="500"><subfield code="a">"A weekly messenger for Elizabeth, Glassport, Eliz. &amp; Forward Twps., Elrama, W. Elizabeth.</subfield></datafield><datafield ind1=" " ind2=" " tag="588"><subfield code="a">Description based on: Vol. 103, no. 5 (Jan. 31, 1968).</subfield></datafield><datafield ind1=" " ind2=" " tag="752"><subfield code="a">United States</subfield><subfield code="b">Pennsylvania</subfield><subfield code="c">Allegheny</subfield><subfield code="d">Clairton.</subfield></datafield><datafield ind1=" " ind2=" " tag="752"><subfield code="a">United States</subfield><subfield code="b">Pennsylvania</subfield><subfield code="c">Allegheny</subfield><subfield code="d">Elizabeth.</subfield></datafield><datafield ind1=" " ind2=" " tag="752"><subfield code="a">United States</subfield><subfield code="b">Pennsylvania</subfield><subfield code="c">Allegheny</subfield><subfield code="d">Glassport.</subfield></datafield><datafield ind1="0" ind2="0" tag="785"><subfield code="t">Herald (Homestead, Pa.)</subfield><subfield code="w">(DLC)sn 89077823</subfield></datafield></record>